@article{Appel+Haken.1976,
    author          = {Kenneth Appel and Wolfgang Haken},
    journal         = {Bulletin of the American Mathematical Society},
    title           = {Every map is four colourable},
    doi             = {https://doi.org/10.1090/S0002-9904-1976-14122-5},
    year            = {1976},
    note            = {{(Appel e Haken, 1976)} Kenneth Appel e Wolfgang Haken. Every map is four colourable. \emph{Bulletin of the American Mathematical Society}, 82:711-712, 1976. Recuperado de \texttt{<}\url{https://doi.org/10.1090/S0002-9904-1976-14122-5}\texttt{>}.}
}

@article{Barendregt.1991,
    author          = {Henk Barendregt},
    journal         = {Journal of Functional Programming},
    title           = {Introduction to generalized type systems},
    doi             = {https://doi.org/10.1017/S0956796800020025},
    year            = {1991},
    note            = {{(Barendregt, 1991)} Henk Barendregt. Introduction to generalized type systems. \emph{Journal of Functional Programming}, 1(2):125-154, 1991. Recuperado de \texttt{<}\url{https://doi.org/10.1017/S0956796800020025}\texttt{>}.}
}

@article{Benton+others.1998,
    author          = {Peter Nicholas Benton and others},
    journal         = {Journal of Functional Programming},
    title           = {Computational types from a logical perspective},
    doi             = {https://doi.org/10.1017/S0956796898002998},
    year            = {1998},
    note            = {{(Benton et al., 1998)} Peter Nicholas Benton et al. Computational types from a logical perspective. \emph{Journal of Functional Programming}, 8(2):177–193, 1998. Recuperado de \texttt{<}\url{https://doi.org/10.1017/S0956796898002998}\texttt{>}.}
}

@book{Chlipala.2013,
    author         = {Adam Chlipala},
    publisher      = {The Massachusetts Institute of Technology Press},
    title          = {Certified programming with dependent types},
    isbn           = {9780262545747},
    year           = {2013},
    note           = {{(Chlipala, 2013)} Adam Chlipala. \emph{Certified programming with dependent types}. The Massachusetts Institute of Technology Press, Cambridge, 2013. Recuperado de \texttt{<}\url{https://doi.org/10.7551/mitpress/9153.001.0001}\texttt{>}.}
}

@article{Coquand+Huet.1988,
    author          = {Thierry Coquand and Gérard Huet},
    journal         = {Information and Computation},
    title           = {The calculus of constructions},
    doi             = {https://doi.org/10.1016/0890-5401(88)90005-3},
    year            = {1988},
    note            = {{(Coquand e Huet, 1988)} Thierry Coquand e Gérard Huet. The calculus of constructions. \emph{Information and Computation}, 76(2-3):95-120, 1988. Recuperado de \texttt{<}\url{https://doi.org/10.1016/0890-5401(88)90005-3}\texttt{>}.}
}

@book{Curry.1950,

    author         = {Haskell Brooks Curry},
    location       = {Notre Dame},
    publisher      = {University of Notre Dame Press},
    title          = {A theory of formal deducibility},
    year           = {1950},
    note           = {{(Curry, 1950)} Haskell Brooks Curry. \emph{A theory of formal deducibility}. University of Notre Dame Press, Notre Dame, 1950.}
}

@book{Appel.1991,

    author         = {Andrew Wilson Appel},
    location       = {Cambridge},
    publisher      = {Cambridge University Press},
    title          = {Compiling with continuations},
    year           = {1991},
    note           = {{(Appel, 1991)} Andrew Wilson Appel. \emph{Compiling with continuations}. Cambridge University Press, Cambridge, 1991. Recuperado de \texttt{<}\url{https://doi.org/10.1017/CBO9780511609619}\texttt{>}.}
}

@article{Curry.1952,

    author          = {Haskell Brooks Curry},
    journal         = {Journal of Symbolic Logic},
    title           = {The elimination theorem when modality is present},
    doi             = {https://doi.org/10.2307/2266613},
    year            = {1952},
    note            = {{(Curry, 1952)} Haskell Brooks Curry. The elimination theorem when modality is present. \emph{Journal of Symbolic Logic}, 17(4):249-265, 1952. Recuperado de \texttt{<}\url{https://doi.org/10.2307/2266613}\texttt{>}.}
}

@book{Curry+Feys.1958,

    author         = {Haskell Brooks Curry and Robert Feys},
    location       = {Amsterdam},
    publisher      = {North-Holland Publishing Company},
    title          = {Combinatory logic},
    year           = {1958},
    note           = {{(Curry e Feys, 1958)} Haskell Brooks Curry and Robert Feys. \emph{Combinatory logic}. North-Holland Publishing Company, Amsterdam, 1958}
}

@inproceedings{Filinski.1994,

    author          = {Andrzej Filinski},
    address         = {Nova Iorque},
    booktitle       = {Proceedings of the Symposium on Principles of Programming Languages},
    publisher       = {Association for Computing Machinery},
    title           = {Representing monads},
    doi             = {https://doi.org/10.1145/174675.178047},
    year            = {1994},
    note            = {{(Filinski, 1994)} Andrzej Filinski. Representing monads. In \emph{Proceedings of the Symposium on Principles of Programming Languages}. Association for Computing Machinery, 1994. Recuperado de \texttt{<}\url{https://doi.org/10.1145/174675.178047}\texttt{>}.}
}

@inproceedings{Wadler.2003,

    author          = {Philip Wadler},
    booktitle       = {Proceedings of the International Conference on Functional Programming},
    publisher       = {Association for Computing Machinery},
    title           = {Call-by-value is dual to call-by-name},
    doi             = {https://doi.org/10.1145/944705.944723},
    year            = {2003},
    note            = {{(Wadler, 2003)} Philip Wadler. Call-by-value is dual to call-by-name. In \emph{Proceedings of the International Conference on Functional Programming}. Association for Computing Machinery, 2003. Recuperado de \texttt{<}\url{https://doi.org/10.1145/944705.944723}\texttt{>}.}
}

@article{Font+others.2003,
    author          = {Josep Maria Font and Ramon Jansana and Don Leonard Pigozzi},
    journal         = {Studia Logica},
    title           = {A survey of abstract algebraic logic},
    doi             = {https://doi.org/10.1023/A:1024621922509},
    year            = {2003},
    note            = {{(Font et al., 2003)} Josep Maria Font and Ramon Jansana and Don Leonard Pigozzi. A survey of abstract algebraic logic. \emph{Studia Logica}, 74:13–97, 2003. Recuperado de \texttt{<}\url{https://doi.org/10.1023/A:1024621922509}\texttt{>}.}
}

@book{Franks.2025,

    author          = {Curtis Franks},
    booktitle       = {The {Stanford} Encyclopedia of Philosophy},
    publisher       = {Stanford University},
    title           = {{Propositional logic}},
    url             = {https://plato.stanford.edu/entries/logic-propositional/},
    year            = {2025},
    note            = {{(Franks, 2025)} Curtis Franks. Propositional logic. In \emph{The Stanford Encyclopedia of Philosophy}. Stanford University, 2025. Recuperado de \texttt{<}\url{https://plato.stanford.edu/entries/logic-propositional}\texttt{>}.}
}

@article{Lewis.1912,

    author          = {Clarence Irving Lewis},
    issn            = {0026-4423},
    journal         = {Mind},
    title           = {Implication and the algebra of logic},
    doi             = {https://doi.org/10.1093/mind/XXI.84.522},
    year            = {1912},
    note            = {{(Lewis, 1912)} Clarence Irving Lewis. Implication and the algebra of logic. \emph{Mind}, 21(84):522–531, 1912. Recuperado de \texttt{<}\url{https://doi.org/10.1093/mind/XXI.84.522}\texttt{>}.}
}

@article{Tymoczko.1979,

    author         = {Thomas Tymoczko},
    title          = {The four-color problem and its philosophical significance},
    journal        = {The Journal of Philosophy},
    doi            = {https://doi.org/10.2307/2025976},
    year           = {1979},
    note           = {{(Tymoczko, 1979)} Thomas Tymoczko. The four-color problem and its philosophical significance. \emph{The Journal of Philosophy}, 76(2):57-83, 1979. Recuperado de \texttt{<}\url{https://doi.org/10.2307/2025976}\texttt{>}.}
}

@article{Maraist+others.1999,

    author         = {John Maraist and others},
    title          = {Call-by-name, call-by-value, call-by-need and the linear lambda calculus},
    journal        = {Theoretical Computer Science},
    doi            = {https://doi.org/10.1016/S0304-3975(98)00358-2},
    year           = {1999},
    note           = {{(Maraist et al., 1999)} John Maraist et al. Call-by-name, call-by-value, call-by-need and the linear lambda calculus. \emph{Theoretical Computer Science}, 228(1-2):175-210, 1999. Recuperado de \texttt{<}\url{https://doi.org/10.1016/S0304-3975(98)00358-2}\texttt{>}.}
}

@article{Gonthier.2008,

    author          = {Georges Gonthier},
    journal         = {Notices of the American Mathematical Society},
    title           = {Formal proof: the four-color theorem},
    year            = {2008},
    note            = {{(Gonthier, 2008)} Georges Gonthier. Formal proof: the four-color theorem. \emph{Notices of the American Mathematical Society}, 55(11):1382-1393, 2008.}
}

@article{Hakli+Negri.2012,

    author          = {Raul Hakli and Sara Negri},
    journal         = {Synthese},
    title           = {Does the deduction theorem fail for modal logic?},
    doi             = {https://doi.org/10.1007/s11229-011-9905-9},
    year            = {2012},
    note            = {{(Hakli e Negri, 2012)} Raul Hakli e Sara Negri. Does the deduction theorem fail for modal logic? \emph{Synthese}, 187:849–867, 2012. Recuperado de \texttt{<}\url{https://doi.org/10.1007/s11229-011-9905-9}\texttt{>}.}
}

@article{Girard.1987,

    author          = {Jean-Yves Girard},
    journal         = {Theoretical Computer Science},
    title           = {Linear logic},
    issn            = {0304-3975},
    doi             = {https://doi.org/10.1016/0304-3975(87)90045-4},
    year            = {1987},
    note            = {{(Girard, 1987)} Jean-Yves Girard. Linear logic. \emph{Theoretical Computer Science}, 50(1):1-101, 1987. Recuperado de \texttt{<}\url{https://doi.org/10.1016/0304-3975(87)90045-4}\texttt{>}.}
}

@inproceedings{Wadler.1993,

    author          = {Philip Wadler},
    booktitle       = {Program Design Calculi},
    publisher       = {Springer},
    title           = {Monads for functional programming},
    doi             = {https://doi.org/10.1007/978-3-662-02880-3_8},
    year            = {1993},
    note            = {{(Wadler, 1993)} Philip Wadler. Monads for functional programming. In \emph{Program Design Calculi}. Springer, 1993. Recuperado de \texttt{<}\url{https://doi.org/10.1007/978-3-662-02880-3_8}\texttt{>}.}
}

@inproceedings{Beziau.2007,
    address         = {Basileia},
    author          = {Jean-Yves Béziau},
    booktitle       = {Logica Universalis},
    publisher       = {Birkh{\"a}user Basel},
    title           = {From consequence operator to universal logic: a survey of general abstract logic},
    doi             = {https://doi.org/10.1007/978-3-7643-8354-1_1},
    year            = {2007},
    note            = {{(Béziau, 2007)} Jean-Yves Béziau. From consequence operator to universal logic: a survey of general abstract logic. In \emph{Logica Universalis}. Birkh{\"a}user Basel, 2007. Recuperado de \texttt{<}\url{https://doi.org/10.1007/978-3-7643-8354-1_1}\texttt{>}.}
}

@article{Moggi.1991,

    author         = {Eugenio Moggi},
    title          = {Notions of computation and monads},
    journal        = {Information and Computation},
    volume         = {93},
    number         = {1},
    pages          = {55-92},
    doi            = {https://doi.org/10.1016/0890-5401(91)90052-4},
    year           = {1991},
    note           = {{(Moggi, 1991)} Eugenio Moggi. Notions of computation and monads. \emph{Information and Computation}, 93(1):55-92, 1991. Recuperado de \texttt{<}\url{https://doi.org/10.1016/0890-5401(91)90052-4}\texttt{>}.}
}

@article{Wadler.2015,

    author         = {Philip Wadler},
    title          = {Propositions as types},
    journal        = {Communications of the Association for Computing Machinery},
    doi            = {https://doi.org/10.1145/2699407},
    year           = {2015},
    note           = {{(Wadler, 2015)} Philip Wadler. Propositions as types. \emph{Communications of the Association for Computing Machinery}, 58(12):75-84, 2015. Recuperado de \texttt{<}\url{https://doi.org/10.1145/2699407}\texttt{>}.}
}

@book{Lewis+Langford.1932,

    address        = {Nova York},
    author         = {Clarence Irving Lewis and Cooper Harold Langford},
    publisher      = {Century},
    title          = {Symbolic logic},
    year           = {1932},
    note           = {{(Lewis e Langford, 1932)} Clarence Irving Lewis and Cooper Harold Langford. \emph{Symbolic logic}. Century, Nova York, 1932}
}

@book{Wilson.2021,

    author         = {Robin Wilson},
    publisher      = {Princeton University Press},
    title          = {Four colors suffice: how the map problem was solved},
    year           = {2021},
    note           = {{(Wilson, 2021)} Robin Wilson. \emph{Four colors suffice: how the map problem was solved}. Princeton University Press, 2021}
}

@inbook{Howard.1980,
    author           = {William Alvin Howard},
    title            = {Essays on combinatory logic, lambda calculus, and formalism},
    chapter          = {The formulae-as-types notion of construction},
    publisher        = {Academic Press},
    year             = {1980},
    note             = {{(Howard, 1980)} William Alvin Howard. The formulae-as-types notion of construction. In \emph{Essays on combinatory logic, lambda calculus, and formalism}. Editado por John Roger Hindley e Jonathan Seldin. Academic Press, 1980. Circulando particularmente desde 1969.}
}

@inbook{Gödel.1986a,
    author           = {Kurt Gödel},
    title            = {Collected works},
    chapter          = {An interpretation of the intuitionistic propositional calculus},
    publisher        = {Oxford University Press},
    year             = {1986},
    note            = {{(Gödel, 1986a)} Kurt Gödel. On intuitionistic arithmetic and number theory. Traduzido por Stefan Bauer-Mengelberg e Jean van Heijenoort. In \emph{Collected works}. Editado por Solomon Feferman et al. Oxford University Press, Nova York, 1986. Publicado originalmente em 1933.}
}

@inbook{Gödel.1986b,
    author           = {Kurt Gödel},
    title            = {Collected works},
    chapter          = {An interpretation of the intuitionistic propositional calculus},
    publisher        = {Oxford University Press},
    year             = {1986},
    note            = {{(Gödel, 1986b)} Kurt Gödel. An interpretation of the intuitionistic propositional calculus. Traduzido por John Dawson. In \emph{Collected works}. Editado por Solomon Feferman et al. Oxford University Press, Nova York, 1986. Publicado originalmente em 1933.}
}

@inbook{Gentzen.1969,
    author           = {Gerhard Gentzen},
    title            = {Collected works},
    chapter          = {The Consistency of Elementary Number Theory},
    publisher        = {Oxford University Press},
    year             = {1969},
    note            = {{(Gentzen, 1969)} Gerhard Gentzen. The consistency of elementary number theory. Traduzido por Manfred Szabo. In \emph{Collected papers}. Editado por Manfred Szabo. North-Holland Publishing Company, Amsterdam, Amsterdam, 1969. Publicado originalmente em 1936.}
}

@article{Kolmogorov.1967,
    author           = {Andrey Nikolaevich Kolmogorov},
    title            = {A source book in mathematical logic},
    chapter          = {On the principle of the excluded middle},
    publisher        = {Harvard University Press},
    year             = {1967},
    note             = {{(Kolmogorov, 1967)} Andrey Nikolaevich Kolmogorov. On the principle of the excluded middle. Traduzido por Jean van Heijenoort. In \emph{A source book in mathematical logic}. Editado por Jean van Heijenoort. Harvard University Press, Cambridge, 1967. Publicado originalmente em 1925.}
}

@book{Frege.1967,
    author           = {Gottlob Frege},
    location         = {Halle an der Saale},
    publisher        = {Verlag von Louis Nebert},
    publisher        = {Harvard University Press},
    year             = {1967},
    title            = {Begriffsschrift, a formula language, modeled upon that of arithmetic, for pure thought},
    note             = {{(Frege, 1967)} Gottlob Frege. Begriffsschrift, a formula language, modeled upon that of arithmetic, for pure thought. Traduzido por Stefan Bauer-Mengelberg. In \emph{A source book in mathematical logic}. Editado por Jean van Heijenoort. Harvard University Press, Cambridge, 1967. Publicado originalmente em 1879.}
}

@article{Kobayashi.1997,
    author         = {Satoshi Kobayashi},
    title          = {Monad as modality},
    journal        = {Theoretical Computer Science},
    doi            = {https://doi.org/10.1016/S0304-3975(96)00169-7},
    year           = {1997},
    note           = {{(Kobayashi, 1997)} Satoshi Kobayashi. Monad as modality. \emph{Theoretical Computer Science}, 175(1):29-74, 1997. Recuperado de \texttt{<}\url{https://doi.org/10.1016/S0304-3975(96)00169-7}\texttt{>}.}
}

@article{Espírito-Santo+others.2019,
    author         = {Espírito Santo, José and others},
    title          = {Modal embeddings and calling paradigms},
    journal        = {Theoretical Computer Science},
    doi            = {https://doi.org/10.1016/S0304-3975(96)00169-7},
    year           = {2019},
    note           = {{(Espírito Santo et al., 2019)} José Espírito Santo et al. Modal embeddings and calling paradigms. In \emph{Fourth International Conference on Formal Structures for Computation and Deduction}. Dagstuhl, 2019. Recuperado de \texttt{<}\url{https://doi.org/10.4230/LIPIcs.FSCD.2019.18}\texttt{>}.}
}

@article{Reynolds.1993,

    author         = {John Charles Reynolds},
    title          = {The discoveries of continuations},
    journal        = {Higher-Order and Symbolic Computation},
    doi            = {https://doi.org/10.1007/BF01019459},
    year           = {1993},
    note           = {{(Reynolds, 1993)} John Charles Reynolds. The discoveries of continuations. \emph{Higher-Order and Symbolic Computation}, 6:233-247, 1993. Recuperado de \texttt{<}\url{https://doi.org/10.1007/BF01019459}\texttt{>}.}
}

@article{Thielecke.1999,

    author         = {Hayo Thielecke},
    title          = {Continuations, functions and jumps},
    journal        = {Special Interest Group on Algorithms and Computation Theory News},
    doi            = {https://doi.org/10.1145/568547.568561},
    year           = {1999},
    note           = {{(Thielecke, 1999)} Hayo Thielecke. Continuations, functions and jumps. \emph{Special Interest Group on Algorithms and Computation Theory News}, 30(2):33-42, 1999. Recuperado de \texttt{<}\url{https://doi.org/10.1145/568547.568561}\texttt{>}.}
}

@article{Pfenning+Davies.2001,

    author         = {Frank Pfenning and Rowan Davies},
    title          = {A judgmental reconstruction of modal logic},
    journal        = {Mathematical Structures in Computer Science},
    doi            = {https://doi.org/10.1017/S0960129501003322},
    year           = {2001},
    note           = {{(Pfenning e Davies, 2001)} Frank Pfenning e Rowan Davies. A judgmental reconstruction of modal logic. \emph{Mathematical Structures in Computer Science}, 11(4):511 -540, 2001. Recuperado de \texttt{<}\url{https://doi.org/10.1017/S0960129501003322}\texttt{>}.}
}

@article{Fairtlough+Mendler.1997,

    author          = {Matt Fairtlough and Michael Mendler},
    journal         = {Information and Computation},
    publisher       = {Elsevier},
    title           = {Propositional lax logic},
    doi             = {https://doi.org/10.1006/inco.1997.2627},
    year            = {1997},
    note           = {{(Fairtlough e Mendler, 1997)} Matt Fairtlough e Michael Mendler. Propositional lax logic. \emph{Information and Computation}, 137(1):1-33, 1997. Recuperado de \texttt{<}\url{https://doi.org/10.1006/inco.1997.2627}\texttt{>}.}
}

@inproceedings{Nunes+others.2025,

    author         = {Miguel Alfredo Nunes and Karina Girardi Roggia and Paulo Henrique Torrens},
    booktitle      = {Formal methods: foundations and applications},
    title          = {Soundness-preserving fusion of modal logics in \textsc{Coq}},
    doi            = {https://doi.org/10.1007/978-3-031-78116-2_8},
    isbn           = {978-3-031-78116-2},
    year           = {2025},
    note           = {{(Nunes et al., 2025)} Miguel Alfredo Nunes et al. Soundness-preserving fusion of modal logics in \emph{Coq}. In \emph{Formal methods: foundations and applications}. Springer, 2025. Recuperado de \texttt{<}\url{https://doi.org/10.1007/978-3-031-78116-2_8}\texttt{>}.}
}

@book{Troelstra+Schwichtenberg.2000,

    address        = {Cambridge},
    author         = {Anne Sjerp Troelstra and Helmut Schwichtenberg},
    isbn           = {9781139168717},
    publisher      = {Cambridge University Press},
    title          = {Basic proof theory},
    doi            = {https://doi.org/10.1017/CBO9781139168717},
    year           = {2000},
    note           = {{(Troelstra e Schwichtenberg, 2000)} Anne Sjerp Troelstra and Helmut Schwichtenberg. \emph{Basic proof theory}. Cambridge University Press, Cambridge, 2000. Recuperado de \texttt{<}\url{https://doi.org/10.1017/CBO9781139168717}\texttt{>}.}
}

@article{Flagg+Friedman.1986,

    author          = {Robert Flagg and Harvey Friedman},
    journal         = {Annals of Pure and Applied Logic},
    title           = {Epistemic and intuitionistic formal systems},
    doi             = {https://doi.org/10.1016/0168-0072(86)90043-6},
    year            = {1986},
    note           = {{(Flagg e Friedman, 1986)} Robert Flagg e Harvey Friedman. Epistemic and intuitionistic formal systems. \emph{Annals of Pure and Applied Logic}, 32:53-60, 1986. Recuperado de \texttt{<}\url{https://doi.org/10.1016/0168-0072(86)90043-6}\texttt{>}.}
}

@book{Zach+others.2019,

    author         = {Richard Zach and others},
    publisher      = {Open Logic Project},
    title          = {Box and diamonds: an open introduction to modal logic},
    year           = {2019},
    note           = {{(Zach et al., 2000)} Richard Zach et al. \emph{Box and diamonds: an open introduction to modal logic}. Open Logic Project, 2019. Recuperado de \texttt{<}\url{https://builds.openlogicproject.org/}\texttt{>}.}
}

@inproceedings{Silveira+others.2022,

    author         = {Silveira, Ariel Agne da and others},
    title          = {A sound deep embedding of arbitrary normal modal logics in Coq},
    year           = {2022},
    isbn           = {9781450397445},
    publisher      = {Association for Computing Machinery},
    doi            = {https://doi.org/10.1145/3561320.3561329},
    booktitle      = {Proceedings of the Brazilian Symposium on Programming Languages},
    note           = {{(Silveira et al., 2022)} Ariel Agne da Silveira et al. A sound deep embedding of arbitrary normal modal logics in \emph{Coq}. In \emph{Proceedings of the Brazilian Symposium on Programming Languages}. Association for Computing Machinery, 2022. Recuperado de \texttt{<}\url{https://doi.org/10.1145/3561320.3561329}\texttt{>}.}
}

@book{Sehnem.2023,

    author         = {Alexandre Sehnem},
    school         = {Universidade do Estado de Santa Catarina},
    title          = {Formalização da tradução das lógicas clássica e intuicionista para a lógica linear em Coq},
    year           = {2023},
    type           = {Trabalho de conclusão de curso},
    note           = {{(Sehnem, 2023)} Alexandre Sehnem. \emph{Formalização da tradução das lógicas clássica e intuicionista para a lógica linear em Coq}. Trabalho de conclusão de curso, Universidade do Estado de Santa Catarina, 2023.}
}

@article{Marcus.1946,

    author          = {Ruth Barcan Marcus},
    journal         = {The Journal of Symbolic Logic},
    title           = {The deduction theorem in a functional calculus of first order based on strict implication},
    year            = {1946},
    note            = {{(Marcus, 1946)} Ruth Barcan Marcus. The deduction theorem in a functional calculus of first order based on strict implication. \emph{The Journal of Symbolic Logic}, 32:53-60, 1946.}
}

@article{Marcus.1953,

    author          = {Ruth Barcan Marcus},
    journal         = {The Journal of Symbolic Logic},
    title           = {Strict implication, deducibility and the deduction theorem},
    year            = {1953}
}

@book{Pierce.2025,
    author      = {Benjamin Crawford Pierce and others},
    publisher   = {Software Foundations},
    title       = {Logical foundations},
    year        = {2025},
    note        = {{(Pierce et al., 2025)} Benjamin Crawford Pierce et al. \emph{Logical foundations}. Software Foundations, 2025. Recuperado de \texttt{<}\url{https://softwarefoundations.cis.upenn.edu}\texttt{>}.}
}

@book{Brouwer.1907,

    author         = {Luitzen Egbertus Jan Brouwer},
    publisher      = {Maas \& van Suchtelen},
    title          = {Over de grondslagen der wiskunde},
    year           = {1907},
    note           = {{(Brouwer, 1975)} Luitzen Egbertus Jan Brouwer. On the foundations of mathematics. Traduzido por Jean van Heijenoort. In \emph{Collected works}. Editado por Arend Heyting. North-Holland Publishing Company, Amsterdam, 1975. Publicado originalmente em 1907. Recuperado de \texttt{<}\url{https://doi.org/10.1016/B978-0-7204-2076-0.50006-4}\texttt{>}.}
}

@article{Brouwer.1908,

    author          = {Luitzen Egbertus Jan Brouwer},
    journal         = {Tijdschrift voor Wijsbegeerte},
    title           = {De onbetrouwbaarheid der logische principes},
    year            = {1908},
    note           = {{(Brouwer, 1975)} Luitzen Egbertus Jan Brouwer. The unreliability of the logical principles. Traduzido por Arend Heyting e Christopher Gibson. In \emph{Collected works}. Editado por Arend Heyting. North-Holland Publishing Company, Amsterdam, 1975. Publicado originalmente em 1908. Recuperado de \texttt{<}\url{https://doi.org/10.1016/B978-0-7204-2076-0.50009-X}\texttt{>}.}
}

@article{Coniglio.2005,

    author          = {Marcelo Esteban Coniglio},
    journal         = {Manuscrito},
    title           = {Towards a stronger notion of translation between logics},
    year            = {2005},
    note            = {{(Coniglio, 2005)} Marcelo Esteban Coniglio. Towards a stronger notion of translation between logics. \emph{Manuscrito}, 28(2):231–262, 2005.}
}

@article{Tarski.1983,

    author         = {Alfred Tarski},
    title          = {Remarques sur les notions fondamentales de la méthodologie des mathématiques},
    journal        = {Annales de la Société Polonaise de Mathématiques},
    year           = {1983},
    note           = {{(Tarski, 1983)} Alfred Tarski. On some fundamental concepts of metamathematics. Traduzido por Joseph Henry Woodger. In \emph{Logic, semantics, metamathematics}. Editado por  John Corcoran. Clarendon Press, Oxford, 1983. Publicado originalmente em 1930.}
}

@article{Došen.1986,

    author          = {Kosta Do\v{s}en},
    journal         = {Logique et Analyse},
    title           = {Modal translations and intuitionistic double negation},
    year            = {1986},
    note           = {{(Do\v{s}en, 1986)} Kosta Do\v{s}en. Modal translations and intuitionistic double negation. \emph{Logique et Analyse}, 29(113):81-94, 1986. Recuperado de \texttt{<}\url{http://www.jstor.org/stable/44084152}\texttt{>}.}
}

@book
{
    Velleman,

    address        = {Cambridge},
    author         = {Daniel Jon Velleman},
    publisher      = {Cambridge University Press},
    title          = {How to prove it: a structured approach},
    doi            = {https://doi.org/10.1017/9781108539890},
    year           = {2019}
}
