@article{Hartonas,  
    author = {Takis Hartonas},
    title = {Modal Translation of Substructural Logics},  
    journal = {Journal of Applied Non-Classical Logics},
    year = {2018}
}

@book{Troelstra,
    title =     {Basic Proof Theory},
    author =    {Anne Sjerp Troelstra and Helmut Schwichtenberg},
    publisher = {Cambridge University Press},
    isbn =      {9780521779111,0521779111},
    year =      {2000},
    series =    {Cambridge Tracts in Theoretical Computer Science 43},
    edition =   {2nd}
}

@booklet{Zach,
    title  = {Boxes and diamonds: an open introduction to modal logic},
    author = {Richard Zach},
    year   = {2019},
    journal = {Institut National de Recherche en Informatique et en Automatique}
}

@article
{
    Barras,

    author = {Bruno Barras and Samuel Boutin and Cristina Cornes and Judicaël Courant and Jean-Christophe Filliâtre and Eduardo Giménez and Hugo Herbelin and Gérard Huet and César Muñoz and Chetan Murthy},
    year   = {1997},
    title  = {The {Coq} proof assistant reference manual},

}

@book
{
    Chlipala,

    author    = {Adam Chlipala},
    title     = {Certified programming with dependent types: a pragmatic introduction to the {Coq} proof assistant},
    year      = {2019},
    publisher = {Massachusetts Institute of Technology Press}
}

@article
{
    Reynolds,

    author  = {John Charles Reynolds},
    title   = {The discoveries of continuations},
    journal = {LISP and Symbolic Computation},
    year    = {1993}
}

@article
{
    Moggi1991,

    author  = {Eugenio Moggi},
    title   = {Notions of computation and monads},
    journal = {Information and Computation},
    volume  = 93,
    year    = 1991
}

@article
{
    Pfenning2001,

    author  = {Frank Pfenning and Rowan Davies},
    title   = {A judgmental reconstruction of modal logic},
    journal = {Mathematical Structures in Computer Science},
    volume  = 11,
    year    = 2001
}

@article
{
    Girard1987,

    author  = {Jean-Yves Girard},
    title   = {Linear logic},
    journal = {Theoretical Computer Science},
    volume  = 50,
    year    = 1987
}

@mastersthesis
{
    Sehnem,

    title  = {Formalização da tradução das lógicas clássicas e intuicionista para a lógica linear em {Coq}},
    author = {Alexandre Jeronimo Sehnem},
    school = {Universidade do Estado de Santa Catarina},
    year   = {2023},
    type   = {Dissertação ({B}acharelado)}
}

@mastersthesis
{
    Silveira,

    title  = {Implementação de uma biblioteca de lógica modal em {Coq}},
    author = {Silveira, Ariel Agne da},
    school = {Universidade do Estado de Santa Catarina},
    year   = {2020},
    type   = {Dissertação ({B}acharelado)}
}

@mastersthesis
{
    Nunes,

    title  = {Fusão de lógicas modais no assistentes de provas {Coq}},
    author = {Miguel Alfredo Nunes},
    school = {Universidade do Estado de Santa Catarina},
    year   = {2023},
    type   = {Dissertação ({B}acharelado)}
}