@book
{
    Troelstra,
    author         = {Anne Sjerp Troelstra and Helmut Schwichtenberg},
    publisher      = {Cambridge University Press},
    title          = {Basic proof theory},
    year           = {2000}
}

@article
{
    Gödel,
    author          = {Kurt Gödel},
    journal         = {Ergebnisse eines {M}athematischen {K}olloquiums},
    title           = {Eine {I}nterpretation des intuitionistischen {A}ussagenkalküls},
    year            = {1933}
}

@article
{
    Girard,
    author          = {Jean-Yves Girard},
    journal         = {Theoretical Computer Science},
    title           = {Linear logic},
    year            = {1987}
}